<record><leader>00000cas a22000007a 4500</leader><controlfield tag="001">15257018</controlfield><controlfield tag="008">870302d19031924wiuwr ne      0    0eng d</controlfield><datafield ind1=" " ind2=" " tag="010"><subfield code="a">sn 87082109 </subfield></datafield><datafield ind1=" " ind2=" " tag="040"><subfield code="a">NPV</subfield><subfield code="b">eng</subfield><subfield code="c">NPV</subfield><subfield code="d">OCLCQ</subfield></datafield><datafield ind1=" " ind2=" " tag="042"><subfield code="a">msc</subfield></datafield><datafield ind1="0" ind2=" " tag="130"><subfield code="a">Lake Geneva news (Lake Geneva, Wis. : 1903)</subfield></datafield><datafield ind1="1" ind2="4" tag="245"><subfield code="a">The Lake Geneva news.</subfield></datafield><datafield ind1=" " ind2=" " tag="260"><subfield code="a">Lake Geneva, Wis. :</subfield><subfield code="b">Lake Geneva Pub. Co.,</subfield><subfield code="c">-1924.</subfield></datafield><datafield ind1=" " ind2=" " tag="300"><subfield code="a">v.</subfield></datafield><datafield ind1=" " ind2=" " tag="310"><subfield code="a">Weekly</subfield></datafield><datafield ind1="1" ind2=" " tag="362"><subfield code="a">Began in 1903?</subfield></datafield><datafield ind1="0" ind2=" " tag="362"><subfield code="a">-v. 44, no. 48 (Dec. 4, 1924).</subfield></datafield><datafield ind1=" " ind2=" " tag="525"><subfield code="a">Supplements accompany some issues.</subfield></datafield><datafield ind1=" " ind2=" " tag="588"><subfield code="a">Description based on: Vol. 24, no. 2 (Jan. 8, 1903).</subfield></datafield><datafield ind1=" " ind2=" " tag="752"><subfield code="a">United States</subfield><subfield code="b">Wisconsin</subfield><subfield code="c">Walworth</subfield><subfield code="d">Lake Geneva.</subfield></datafield><datafield ind1="0" ind2="5" tag="780"><subfield code="t">Lake Geneva herald (Lake Geneva, Wis. : 1912)</subfield><subfield code="w">(DLC)sn 85040075</subfield></datafield><datafield ind1="0" ind2="7" tag="785"><subfield code="t">Lake Geneva tribune</subfield></datafield><datafield ind1="0" ind2="7" tag="785"><subfield code="t">Lake Geneva news tribune</subfield><subfield code="w">(DLC)sn 87082110</subfield></datafield></record>